<?xml version="1.0" encoding="UTF-8"?><collection xmlns="http://www.loc.gov/MARC21/slim"><record><leader>00379nam--2200133-i-4500</leader><controlfield tag="001">000047763</controlfield><controlfield tag="002">20161230</controlfield><controlfield tag="005">20161230201046</controlfield><controlfield tag="008">060222s1000------------r-----000-0-eng-d</controlfield><datafield ind1=" " ind2=" " tag="080"><subfield code="a">53=03-82=20</subfield></datafield><datafield ind1=" " ind2=" " tag="100"><subfield code="a">Yavorsky, B.M.And Pinsky, A.A</subfield></datafield><datafield ind1=" " ind2=" " tag="245"><subfield code="a">Fundamentals of physics. transl.from the russian by: nicholas weinstein</subfield></datafield><datafield ind1=" " ind2=" " tag="260"><subfield code="a">Moscow, Mir Publ., 1975, 542p</subfield></datafield><datafield ind1=" " ind2=" " tag="852"><subfield code="a">47744</subfield></datafield></record></collection>